@misc{UnicanSE,
  author="Michael Gonzalez Harbour",
  title={{Los sistemas embebidos en tiempo real están presentes en nuestra vida cotidiana y lo estarán cada vez más}},
  year={2021},
  howpublished={URL: \url{https://web.unican.es/noticias/Paginas/2021/septiembre_2021/Harbour-digitalizacion-sistemas-embebidos.aspx}},
  url="https://web.unican.es/noticias/Paginas/2021/septiembre_2021/Harbour-digitalizacion-sistemas-embebidos.aspx"
}

@misc{embos,
       author = "altapps",
       title = "{{EMBOS}}",
       howpublished={URL: \url{https://es.altapps.net/soft/embos}},
       url = "https://es.altapps.net/soft/embos"
}

@book{Cortex,
		author    = "Joseph Yiu.",
		title     = "The Definitive Guide to the ARM Cortex-M3 and Cortex-M4 Processors",
		publisher = "Elservier Inc",
		year      = "2014"
}


@misc{ALMCMP,
       author = "Acervo Lima",
       title = "{{¿cuál es la diferencia entre microcontrolador y microcomputador?}}",
       howpublished={URL: \url{https://es.acervolima.com/cual-es-la-diferencia-entre-microcontrolador-uc-y-microprocesador-up/}},
       url = "https://es.acervolima.com/cual-es-la-diferencia-entre-microcontrolador-uc-y-microprocesador-up/",
       note = ""
}



@misc{scrum,
       author = "Scrum ORG",
       title = "{{The home of Scrum}}",
       year = "2022",
       howpublished={URL: \url{https://www.scrum.org/}},
       url = "https://www.scrum.org/",
       note = ""
}

@misc{CapaEnlaceDatos,
       author = "ComDatosGrupo4",
       title = "{{Capitulo 2. La Capa de Enlace de Datos}}",
       url = "https://sites.google.com/site/comdatosgrupo4/contenidos/cap2_capa-enlace-datos",
       howpublished={URL: \url{https://sites.google.com/site/comdatosgrupo4/contenidos/cap2_capa-enlace-datos}},
       note = ""
}

@book{bookFRTOS,
		author    = "J.D. Muñoz Frías.",
		title     = "Sistemas Empotrados en Tiempo Real. Una introducción basada en FreeRTOS y en el microcontrolador ColdFire MCF5282",
		publisher = "Ed. Lulu.com, Madrid, España",
		year      = "2009"
}

@book{Freescale,
		author    = "Díaz Estrella, Antonio.",
		title     = "Teoría y diseño con microcontroladores de Freescale: familia Flexis de 32 bits MCF51QE",
		publisher = "McGraw-Hill Interamericana de España S.L.",
		year      = "2008"
}


@misc{IBMTCP,
       author = "IBM",
       title = "{{Protocolos TCP/IP}}",
       year = "2021",
       url = "https://www.ibm.com/docs/es/aix/7.1?topic=protocol-tcpip-protocols",
       howpublished={URL: \url{https://www.ibm.com/docs/es/aix/7.1?topic=protocol-tcpip-protocols}},
       note = ""
}

@misc{lopezQuesadaRED,
       author = "Lopez Quesada",
       title = "{{Estructura TCP/IP}}",
       url = "http://dis.um.es/~lopezquesada/documentos/IES_1314/LMSGI/curso/xhtml/xhtml11/html/pag3.html",
       howpublished={URL: \url{http://dis.um.es/~lopezquesada/documentos/IES_1314/LMSGI/curso/xhtml/xhtml11/html/pag3.html}},
       note = ""
}

@misc{protocolosAplicacion,
       author = "Itroque",
       title = "{{Protocolos de la capa de aplicacion}}",
       howpublished={URL: \url{http://itroque.edu.mx/cisco/cisco1/course/module10/10.1.1.4/10.1.1.4.html}},
       url = "http://itroque.edu.mx/cisco/cisco1/course/module10/10.1.1.4/10.1.1.4.html",
       note = ""
}

@misc{capaTransporte,
       author = "Google Sites",
       title = "{{Capa de Transporte}}",
       url = "https://sites.google.com/site/informaticaredesdecomputadoras/unidad-2-capas-superiores-del-modelo-osi-y-tcp-ip/2-2-capa-de-transporte",
       howpublished={URL: \url{https://sites.google.com/site/informaticaredesdecomputadoras/unidad-2-capas-superiores-del-modelo-osi-y-tcp-ip/2-2-capa-de-transporte}},
       note = ""
}


@book{SisTiempoReal,
		author    = "Burns, A., & Wellings, A..",
		title     = "Sistemas de tiempo real y lenguajes de programación.",
		publisher = "Addison Wesley.",
		year      = "2003"
}


@misc{tutorialESP,
       author = "Naylamp Mechatronics",
       title = "{{Tutorial ESP8266 Parte I}}",
       howpublished={URL: \url{https://naylampmechatronics.com/blog/21_tutorial-esp8266-parte-i.html}},
       url = "https://naylampmechatronics.com/blog/21_tutorial-esp8266-parte-i.html",
       note = ""
}

@misc{hetProI2c,
       author = "HetPro",
       title = "{{I2C – Puerto, Introducción, trama y protocolo}}",
       year = "2018",
       howpublished={URL: \url{https://hetpro-store.com/TUTORIALES/i2c/}},
       url = "https://hetpro-store.com/TUTORIALES/i2c/",
       note = ""
}

@misc{queEsUART,
       author = "Rohde Schwarz",
       title = "{{¿Que es UART?}}",
       url = "https://www.rohde-schwarz.com/es/productos/test-y-medida/osciloscopios/educational-content/que-es-uart_254524.html",
       howpublished={URL: \url{https://www.rohde-schwarz.com/es/productos/test-y-medida/osciloscopios/educational-content/que-es-uart_254524.html}},
       note = ""
}


@misc{wiki:latex,
       author = "Wikipedia",
       title = "{{LaTeX --- Wikipedia{,} La enciclopedia libre}}",
       year = "2015",
       url = "https://es.wikipedia.org/w/index.php?title=LaTeX&oldid=84209252",
       howpublished={URL: \url{https://es.wikipedia.org/w/index.php?title=LaTeX&oldid=84209252}},
       note = ""
}

@misc{RPC0027,
       author = "Roberto Peña",
       title = "{{Comunicación TCP/IP con sistemas empotrados}}",
       year = "2018",
       url = "https://github.com/rpc0027",
       howpublished={URL: \url{https://github.com/rpc0027}},
       note = "Repositorio de compañero de master Roberto Peña"
}




@misc{avastTcpIp,
       author = "Avast Academy",
       title = "{{¿Qué es TCP/IP y cómo funciona?}}",
       url = "https://www.avast.com/es-es/c-what-is-tcp-ip",
       howpublished={URL: \url{https://www.avast.com/es-es/c-what-is-tcp-ip}},
}


@misc{moduloEsp8266,
       author = "Luis del Valle Hernández",
       title = "{{ESP8266 todo lo que necesitas saber del módulo WiFi para Arduino}}",
       year = "2018",
       url = "https://programarfacil.com/podcast/esp8266-wifi-coste-arduino/",
       howpublished={URL: \url{https://programarfacil.com/podcast/esp8266-wifi-coste-arduino/}}
}


@misc{EspNow,
       author = "Daniel Carrasco",
       title = "{{Esp8266 - Esp32}}",
       year = "2021",
       url = "https://www.electrosoftcloud.com/esp-now-conecta-dos-o-mas-esp32-esp8266/",
       howpublished={URL: \url{https://www.electrosoftcloud.com/esp-now-conecta-dos-o-mas-esp32-esp8266/}},
       note = ""
}

@misc{solectroshop,
       author = "solectroshop",
       title = "{{Diferencias de los protocolos de comunicación UART vs I2C vs SPI}}",
       year = "2021",
       url = "https://solectroshop.com/es/blog/diferencias-de-los-protocolos-de-comunicacion-uart-vs-i2c-vs-spi-n107",
       howpublished={URL: \url{https://solectroshop.com/es/blog/diferencias-de-los-protocolos-de-comunicacion-uart-vs-i2c-vs-spi-n107}},
       note = ""
}



@misc{wikiOutlook,
       author = "wikipedia",
       title = "{{Microsoft Outlook}}",
       year = "2022",
       url = "https://es.wikipedia.org/wiki/Microsoft_Outlook",
       howpublished={URL: \url{https://es.wikipedia.org/wiki/Microsoft_Outlook}},
       note = ""
}

@misc{wikiTeams,
       author = "wikipedia",
       title = "{{Microsoft Teams}}",
       year = "2022",
       url = "https://es.wikipedia.org/wiki/Microsoft_Teams",
       howpublished={URL: \url{https://es.wikipedia.org/wiki/Microsoft_Teams}},
       note = ""
}

@misc{medicinaSE,
       author = "Texas Instrument",
       title = "{{Sistemas empotrados en equipos médicos}}",
       year = "2013",
       url = "https://cempotrado.blogs.upv.es/2014/03/20/ti-healthtech-sistemas-empotrados-en-equipos-medicos/",
       howpublished={URL: \url{https://cempotrado.blogs.upv.es/2014/03/20/ti-healthtech-sistemas-empotrados-en-equipos-medicos/}},
       note = ""
}

@misc{bibtex,
       author = "wikipedia",
       title = "{{Bibtex}}",
       year = "2021",
       url = "https://es.wikipedia.org/wiki/BibTeX",
       howpublished={URL: \url{https://es.wikipedia.org/wiki/BibTeX}},
       note = ""
}

@misc{SOTR,
       author = "Lim Jia Zhi",
       title = "Sistemas operativos en tiempo real (RTOS) y sus aplicaciones",
       year = "2021",
       url = "https://www.digikey.es/es/articles/real-time-operating-systems-and-their-applications",
       howpublished={URL: \url{https://www.digikey.es/es/articles/real-time-operating-systems-and-their-applications}},
       note = ""
}

@misc{drivers,
       author = "Guille Ven",
       title = "{{Que es un Driver o Controlador?}}",
       year = "2021",
       url = "https://www.tecnologia-informatica.com/que-son-drivers-controladores/#\%C2\%BFQue_son_los_drivers_o_controladores_de_dispositivos?",
       howpublished={URL: \url{https://www.tecnologia-informatica.com/que-son-drivers-controladores/#\%C2\%BFQue_son_los_drivers_o_controladores_de_dispositivos?}},
       note = ""
}

@misc{aportacionesSE,
       author = "Oasys",
       title = "{{Sistemas embebidos y su aportación a la industria}}",
       year = "2021",
       url = "https://oasys-sw.com/sistemas-embebidos-industria/",
       howpublished={URL: \url{https://oasys-sw.com/sistemas-embebidos-industria/}},
       note = ""
}


@misc{web:FreeRtos,
       author = "FreeRTOS - Web",
       title = "{{FreeRTOS}}",
       year = "2015",
       url = "https://www.freertos.org/",
       howpublished={URL: \url{https://www.freertos.org/}}
}



@misc{DifUartUsart,
       author = "acervolima",
       title = "{{Diferencias entre UART y USART}}",
       url = "https://es.acervolima.com/diferencia-entre-usarty-uart/",
       howpublished={URL:\url{https://es.acervolima.com/diferencia-entre-usarty-uart/}}
}

@misc{tablasLatex,
       author = "manualdelatex",
       title = "{{Crear tablas en LaTex}}",
       year = "2015",
       url = "https://manualdelatex.com/tutoriales/tablas",
       howpublished={URL: \url{https://manualdelatex.com/tutoriales/tablas}}
}


@misc{Potenciometro,
       author = "José Luis R.",
       title = "{{Como funciona un potenciómetro}}",
       url = "https://como-funciona.co/un-potenciometro/",
       howpublished={URL: \url{https://como-funciona.co/un-potenciometro/}}
}


@misc{TempSens,
       author = "Proyecto arduino",
       title = "{{¿Que es un sensor de Temperatura?}}",
       howpublished={URL: \url{https://proyectoarduino.com/sensor-de-temperatura/}},
       url = "https://proyectoarduino.com/sensor-de-temperatura/",
}

@misc{TempSensTipos,
       author = "solerpalau, S&P",
       title = "{{Tipos de sensores de Temperatura}}",
       year = "2017",
       howpublished={URL: \url{https://www.solerpalau.com/es-es/blog/sensor-temperatura/}},
       url = "https://www.solerpalau.com/es-es/blog/sensor-temperatura/",
}

@misc{MCUXDownload,
       author = "NXP",
       title = "{{MCUXpresso Integrated Development Environment (IDE)}}",
       howpublished={URL: \url{https://www.nxp.com/design/software/development-software/mcuxpresso-software-and-tools-/mcuxpresso-integrated-development-environment-ide:MCUXpresso-IDE}},
       url = "https://www.nxp.com/design/software/development-software/mcuxpresso-software-and-tools-/mcuxpresso-integrated-development-environment-ide:MCUXpresso-IDE",
}

@misc{EOD1001,
       author = "Enrique del Olmo",
       title = "{{Comunicación TCP/IP con sistemas empotrados}}",
       year = "2022",
       howpublished={URL: \url{https://github.com/eod1001/TFG_CONEXION_FRDMK64F}},
       url = "https://github.com/eod1001/TFG_CONEXION_FRDMK64F",
       note = "Mi repositorio de GitHub"
}

@misc{DocklightDownload,
       author = "{{Marco Flachmann & Oliver Heggelbacher}}",
       title = "Docklight",
       howpublished={URL: \url{https://github.com/eod1001/TFG_CONEXION_FRDMK64F}},
       url = "https://docklight.de/",
       note = "[Internet; descargado 28 marzo 2021]"
}



@misc{wiki:TextMaker,
       author = "Wikipedia",
       title = "{{TextMaker --- Wikipedia La enciclopedia libre}}",
       howpublished={URL: \url{https://github.com/eod1001/TFG_CONEXION_FRDMK64F}},
       url = "https://en.wikipedia.org/wiki/TextMaker",
}

@misc{GitHub,
       author="Yúbal Fernández",
       title={{Qué es Github y qué es lo que le ofrece a los desarrolladores}},
       year="2019",
       howpublished={URL: \url{https://www.xataka.com/basics/que-github-que-que-le-ofrece-a-desarrolladores}},
       url="https://www.xataka.com/basics/que-github-que-que-le-ofrece-a-desarrolladores",
}

@misc{AdslWifivsEthernet,
       author = "testdevelocidad - web",
       title = "{{WiFi vs cable de red ethernet ¿cuál es la mejor opción?}}",
       year = "2019",
       howpublished={URL: \url{https://www.testdevelocidad.es/2017/06/06/wifi-vs-cable/}},
       url = "https://www.testdevelocidad.es/2017/06/06/wifi-vs-cable/"
}



@misc{GitKraken,
       author = "Alex Market",
       title = "{{GitKraken}}",
       year = "2019",
       howpublished={URL: \url{https://alexmarket.medium.com/gitkraken-ea27eb8e8301}},
       url = "https://alexmarket.medium.com/gitkraken-ea27eb8e8301",
}

@misc{MetodologiasAgiles,
       author = "iebschool",
       title = "{{Las metodologías ágiles más utilizadas y sus ventajas dentro de la empresa}}",
       year = "2014",
       howpublished={URL: \url{https://alexmarket.medium.com/gitkraken-ea27eb8e8301}},
       url = "https://www.iebschool.com/blog/que-son-metodologias-agiles-agile-scrum/"
}


