

@misc{ DLMCUX,
       howpublished={URL: \url{https://nxp.flexnetoperations.com/control/frse/product?entitlementId=627459067&lineNum=1&authContactId=171602057&authPartyId=181871057}},
       url = "https://nxp.flexnetoperations.com/control/frse/product?entitlementId=627459067&lineNum=1&authContactId=171602057&authPartyId=181871057",
       note = "Link de descarga de MCUXpresso"
}

@misc{ DLPS,
       howpublished={URL: \url{https://packetsender.com/download}},
       url = "https://packetsender.com/download",
       note = "Link de descarga de Packet Senderr"
}


@misc{ DLSDK,
       howpublished={URL: \url{https://mcuxpresso.nxp.com/en/builder?hw=FRDM-K64F}},
       url = "https://mcuxpresso.nxp.com/en/builder?hw=FRDM-K64F",
       note = "Link de descarga del sdk para la placa FRDM K64F"
}

@misc{escalaCyL,
  author   = "{Consejería de Hacienda, Junta de Castilla y León}",
  title    = "{{DECRETO  LEGISLATIVO  1/2013,  de  12  de  septiembre,  por  el
              que  se  aprueba  el texto refundido de las disposiciones legales
              de la Comunidad de Castilla y León en materia de tributos propios
              y cedidos}}",
  howpublished={URL: \url{http://bocyl.jcyl.es/boletines/2013/09/18/pdf/BOCYL-D-18092013-1.pdf}},
  url      = "http://bocyl.jcyl.es/boletines/2013/09/18/pdf/BOCYL-D-18092013-1.pdf",
}

@misc{BasesyTiposSS,
  author   = "{Boletin oficial del Estado}",
  title    = "{{Ley 27/2014, de 27 de noviembre, del Impuesto sobre Sociedades.}}",
  howpublished={URL: \url{https://www.boe.es/buscar/doc.php?id=BOE-A-2014-12328}},
  url      = "https://www.boe.es/buscar/doc.php?id=BOE-A-2014-12328",
}




@misc{agenciaTributaria,
  author   = "{Seguridad Social}",
  title    = "{{Bases y tipos de cotización 2022}}",
  howpublished={URL: \url{http://www.seg-social.es/wps/portal/wss/internet/Trabajadores/CotizacionRecaudacionTrabajadores/36537}},
  url      = "http://www.seg-social.es/wps/portal/wss/internet/Trabajadores/CotizacionRecaudacionTrabajadores/36537"
}

@misc{calculadoraSantander,
  author   = "Banco Santander",
  title    = "{{Calculadora sueldo neto}}",
  howpublished={URL: \url{https://santandersmartbank.es/calculadora-sueldo-neto/#resultados_calculadora_nomina}},
  url      = "https://santandersmartbank.es/calculadora-sueldo-neto/#resultados_calculadora_nomina"
}


@misc{NetconnAPI,
  author   = "lwIP wiki fandom",
  title    = "{{Netconn API}}",
  howpublished={URL: \url{https://lwip.fandom.com/wiki/Netconn_API}},
  url      = "https://lwip.fandom.com/wiki/Netconn_API"
}

@misc{establecerConexionTCP,
  author   = "Universidad de Navarra",
  title    = "{{Establecer conexion TCP}}",
  howpublished={URL: \url{https://www.tlm.unavarra.es/~daniel/docencia/ro_is/ro_is05_06/slides/Clase17-TCP.pdf}},
  url      = "https://www.tlm.unavarra.es/~daniel/docencia/ro_is/ro_is05_06/slides/Clase17-TCP.pdf"
}

@misc{nonGNU,
  author   = "nongnu",
  title    = "{{Modulo Netconn API}}",
  howpublished={URL: \url{https://www.nongnu.org/lwip/2_0_x/group__netconn__common.html}},
  url      = "https://www.nongnu.org/lwip/2_0_x/group__netconn__common.html"
}

@misc{ImpSoc,
  author   = "Jefatura del Estado",
  title    = "{{Ley 27/2014, de 27 de noviembre, del Impuesto sobre Sociedades}}",
  howpublished={URL: \url{https://www.boe.es/buscar/pdf/2014/BOE-A-2014-12328-consolidado.pdf}},
  url      = "https://www.boe.es/buscar/pdf/2014/BOE-A-2014-12328-consolidado.pdf"
}

@misc{win10pro,
  author   = "Microsoft",
  title    = "{{Windows 10 Pro}}",
  howpublished={URL: \url{https://www.microsoft.com/es-es/p/windows-10-pro/df77x4d43rkt/48DN}},
  url      = "https://www.microsoft.com/es-es/p/windows-10-pro/df77x4d43rkt/48DN"
}

@misc{office365,
  author   = "Microsoft",
  title    = "{{Office 365}}",
  howpublished={URL: \url{https://products.office.com/es-ES/business/office}},
  url      = "https://products.office.com/es-ES/business/office"
}

@misc{costeK64f,
  author   = "Farnell Components SL",
  title    = "{{FRDM-K64F -  Placa de Desarrollo}}",
  howpublished={URL: \url{https://es.farnell.com/nxp/frdm-k64f/placa-desarrollo-ethernet-usb/dp/2406741}},
  url      = "https://es.farnell.com/nxp/frdm-k64f/placa-desarrollo-ethernet-usb/dp/2406741"
}

@misc{costeShield,
  author   = "MK Electrónica",
  title    = "{{BASIC I/O}}",
  howpublished={URL: \url{https://mkelectronica.com/producto/basic-i-o/}},
  url      = "https://mkelectronica.com/producto/basic-i-o/"
}

@misc{costeLcd,
  author   = "Farnell Components SL",
  title    = "{{Pantalla LCD Alfanumérica, 16 x 2}}",
  howpublished={URL: \url{https://es.farnell.com/midas/mc21605c6w-bnmlwi-v2/pantalla-alfanum-rica-16x2-blanca/dp/2748649}},
  url      = "https://es.farnell.com/midas/mc21605c6w-bnmlwi-v2/pantalla-alfanum-rica-16x2-blanca/dp/2748649"
}

@misc{costeCables,
  author   = "Farnell Components SL",
  title    = "{{WIRE BUNDLE, BREADBOARD}}",
  howpublished={URL: \url{https://es.farnell.com/adafruit-industries/153/wire-bundle-breadboard/dp/2409349}},
  url      = "https://es.farnell.com/adafruit-industries/153/wire-bundle-breadboard/dp/2409349"
}

@misc{costeEthernet,
  author   = "Farnell Components SL",
  title    = "{{Cable de Ethernet}}",
  howpublished={URL: \url{https://es.farnell.com/videk/2996-1y/cable-de-conexi-n-cat6-amarillo/dp/1525699}},
  url      = "https://es.farnell.com/videk/2996-1y/cable-de-conexi-n-cat6-amarillo/dp/1525699"
}

@misc{costeSwitch,
  author   = "PcComponentes",
  title    = "{{Switch TP-Link 5 puertos}}",
  howpublished={URL: \url{https://www.pccomponentes.com/tp-link-tl-sf1005d-switch-5-puertos-10-100-mbps-plugplay?gclid=EAIaIQobChMI6q29zoTL-AIVTY9oCR13Tgz-EAQYAiABEgJv3_D_BwE}},
  url      = "https://www.pccomponentes.com/tp-link-tl-sf1005d-switch-5-puertos-10-100-mbps-plugplay?gclid=EAIaIQobChMI6q29zoTL-AIVTY9oCR13Tgz-EAQYAiABEgJv3_D_BwE"
}

@misc{costePlacaMotor,
  author   = "Sandorobotics",
  title    = "{{Controladora Motor MD25}}",
  howpublished={URL: \url{https://sandorobotics.com/producto/md25/}},
  url      = "https://sandorobotics.com/producto/md25/"
}

@misc{costeMotores,
  author   = "farnell",
  title    = "{{Cable de Ethernet}}",
  howpublished={URL: \url{https://es.farnell.com/videk/2996-1y/cable-de-conexi-n-cat6-amarillo/dp/1525699}},
  url      = "https://es.farnell.com/videk/2996-1y/cable-de-conexi-n-cat6-amarillo/dp/1525699"
}

@misc{infoApache,
  author   = "The Apache Software Foundation",
  title    = "{{Apache License, Version 2.0}}",
  howpublished={URL: \url{https://www.apache.org/licenses/LICENSE-2.0}},
  url      = "https://www.apache.org/licenses/LICENSE-2.0"
}


@misc{licenciaApache,
  author   = "{The Apache Software Foundation}",
  title    = "{{TERMS AND CONDITIONS, Apache License, Version 2.0}}",
  howpublished={URL: \url{https://www.apache.org/licenses/LICENSE-2.0.txt}},
  url      = "https://www.apache.org/licenses/LICENSE-2.0.txt"
}

@misc{creativeCommons,
  author   = "Creative Commons",
  title    = "{{CC BY-NC-SA 4.0}}",
  howpublished={URL: \url{https://creativecommons.org/licenses/by-nc-sa/4.0/deed.es}},
  url      = "https://creativecommons.org/licenses/by-nc-sa/4.0/deed.es"
}

@misc{IEEE8301998,
  author   = "Institute of Electrical and Electronics Engineers",
  title    = "{{IEEE 830-1998}}",
  subtitle = "EEE Recommended Practice for Software Requirements Specifications",
  date     = "1998-10-20",
  howpublished={URL: \url{https://standards.ieee.org/standard/830-1998.html}},
  url      = "https://standards.ieee.org/standard/830-1998.html",
}

@misc{IEEE291482011,
  author   = "Institute of Electrical and Electronics Engineers",
  title    = "{{IEEE 29148-2011}}",
  subtitle = "ISO/IEC/IEEE International Standard - Systems and software
              engineering -- Life cycle processes --Requirements engineering",
  date     = "2011-12-01",
  howpublished={URL: \url{https://standards.ieee.org/standard/29148-2011.html}},
  url      = "https://standards.ieee.org/standard/29148-2011.html",
}

@misc{IEEE291482018,
  author   = "Institute of Electrical and Electronics Engineers",
  title    = "{{IEEE 29148-2018}}",
  subtitle = "ISO/IEC/IEEE International Standard - Systems and software
              engineering -- Life cycle processes --Requirements engineering",
  date     = "2018-11-30",
  howpublished={URL: \url{https://standards.ieee.org/standard/29148-2018.html}},
  url      = "https://standards.ieee.org/standard/29148-2018.html"
}

@misc{SYNACKHS,
  author   = "IONOS",
  title    = "{{Que es Tcp}}",
  howpublished={URL: \url{https://www.ionos.es/digitalguide/servidores/know-how/que-es-tcp-transport-control-protocol/}},
  url      = "https://www.ionos.es/digitalguide/servidores/know-how/que-es-tcp-transport-control-protocol/"
}

