@online{webpage:cyl,
  author   = "{Consejería de Hacienda, Junta de Castilla y León}",
  title    = "DECRETO  LEGISLATIVO  1/2013,  de  12  de  septiembre,  por  el
              que  se  aprueba  el texto refundido de las disposiciones legales
              de la Comunidad de Castilla y León en materia de tributos propios
              y cedidos",
  url      = "http://bocyl.jcyl.es/boletines/2013/09/18/pdf/BOCYL-D-18092013-1.pdf",
  urldate  = "2019-02-06"
}

@online{webpage:at,
  author   = "{Agencia Estatal de Administración Tributaria}",
  title    = "RETENCIONES E INGRESOS A CUENTA DEL IRPF EN LOS EJERCICIOS 2017 y 2018",
  url      = "https://www.agenciatributaria.es/static_files/AEAT/Contenidos_Comunes/La_Agencia_Tributaria/Informacion_institucional/Campanias/Retenciones_trabajo_personal/2018/Cuadro_tipo_retencion_2018.pdf",
  urldate  = "2019-02-06"
}

@online{webpage:ss,
  author   = "{Seguridad Social}",
  title    = "Bases y tipos de cotización 2019",
  url      = "http://www.seg-social.es/wps/portal/wss/internet/Trabajadores/CotizacionRecaudacionTrabajadores/36537",
  urldate  = "2019-02-06"
}

@online{webpage:is,
  author   = "{Jefatura del Estado}",
  title    = "Ley 27/2014, de 27 de noviembre, del Impuesto sobre Sociedades",
  url      = "https://www.boe.es/buscar/pdf/2014/BOE-A-2014-12328-consolidado.pdf",
  urldate  = "2019-02-06"
}

@online{webpage:win10pro,
  author   = "{Microsoft}",
  title    = "Windows 10 Pro",
  url      = "https://www.microsoft.com/es-es/p/windows-10-pro/df77x4d43rkt/48DN",
  urldate  = "2019-02-06"
}

@online{webpage:office365,
  author   = "{Microsoft}",
  title    = "Office 365 ",
  url      = "https://products.office.com/es-ES/business/office",
  urldate  = "2019-02-06"
}

@online{webpage:adobecc,
  author   = "{Adobe}",
  title    = "Creative Cloud para equipos",
  url      = "https://www.adobe.com/es/creativecloud/business/teams.html",
  urldate  = "2019-02-06"
}

@online{webpage:k64f,
  author   = "{Farnell Components SL}",
  title    = "FRDM-K64F -  Placa de Desarrollo",
  url      = "https://es.farnell.com/nxp/frdm-k64f/placa-desarrollo-ethernet-usb/dp/2406741",
  urldate  = "2019-02-06"
}

@online{webpage:basic-io,
  author   = "{MK Electrónica}",
  title    = "BASIC I/O",
  url      = "https://mkelectronica.com/producto/basic-i-o/",
  urldate  = "2019-02-06"
}

@online{webpage:lcd,
  author   = "{Farnell Components SL}",
  title    = "Pantalla LCD Alfanumérica, 16 x 2",
  url      = "https://es.farnell.com/midas/mc21605c6w-bnmlwi-v2/pantalla-alfanum-rica-16x2-blanca/dp/2748649",
  urldate  = "2019-02-06"
}

@online{webpage:placas,
  author   = "{Farnell Components SL}",
  title    = "SOLDERLESS BREADBOARD",
  url      = "https://es.farnell.com/bud-industries/bb-32655/solderless-breadboard-830-tie/dp/2885079",
  urldate  = "2019-02-06"
}

@online{webpage:cables,
  author   = "{Farnell Components SL}",
  title    = "WIRE BUNDLE, BREADBOARD",
  url      = "https://es.farnell.com/adafruit-industries/153/wire-bundle-breadboard/dp/2409349",
  urldate  = "2019-02-06"
}

@online{webpage:rj45,
  author   = "{Farnell Components SL}",
  title    = "Cable de Ethernet",
  url      = "https://es.farnell.com/videk/2996-1y/cable-de-conexi-n-cat6-amarillo/dp/1525699",
  urldate  = "2019-02-06"
}

@online{webpage:apache2,
  author   = "{The Apache Software Foundation}",
  title    = "Apache License, Version 2.0",
  url      = "https://www.apache.org/licenses/LICENSE-2.0",
  urldate  = "2019-02-06"
}

@online{webpage:apache2-apply,
  author   = "{The Apache Software Foundation}",
  title    = "Applying the Apache License, Version 2.0",
  url      = "https://www.apache.org/dev/apply-license.html",
  urldate  = "2019-02-06"
}

@online{webpage:apache2-license,
  author   = "{The Apache Software Foundation}",
  title    = "Apache License, Version 2.0",
  url      = "https://www.apache.org/licenses/LICENSE-2.0.txt",
  urldate  = "2019-02-06"
}

@online{webpage:cc,
  author   = "{Creative Commons}",
  title    = "CC BY-NC-SA 4.0",
  url      = "https://creativecommons.org/licenses/by-nc-sa/4.0/deed.es",
  urldate  = "2019-02-06"
}

@online{webpage:ieee830-1998,
  author   = "{Institute of Electrical and Electronics Engineers}",
  title    = "IEEE 830-1998",
  subtitle = "EEE Recommended Practice for Software Requirements Specifications",
  date     = "1998-10-20",
  url      = "https://standards.ieee.org/standard/830-1998.html",
  urldate  = "2019-02-07"
}

@online{webpage:ieee29148-2011,
  author   = "{Institute of Electrical and Electronics Engineers}",
  title    = "IEEE 29148-2011",
  subtitle = "ISO/IEC/IEEE International Standard - Systems and software
              engineering -- Life cycle processes --Requirements engineering",
  date     = "2011-12-01",
  url      = "https://standards.ieee.org/standard/29148-2011.html",
  urldate  = "2019-02-07"
}

@online{webpage:ieee29148-2018,
  author   = "{Institute of Electrical and Electronics Engineers}",
  title    = "IEEE 29148-2018",
  subtitle = "ISO/IEC/IEEE International Standard - Systems and software
              engineering -- Life cycle processes --Requirements engineering",
  date     = "2018-11-30",
  url      = "https://standards.ieee.org/standard/29148-2018.html",
  urldate  = "2019-02-07"
}

@online{webpage:tcp-handshake,
  author   = "{Wikimedia Commons}",
  title    = "Tcp-handshake",
  date     = "2010-10-04",
  url      = "https://commons.wikimedia.org/wiki/File:Tcp-handshake.svg",
  urldate  = "2019-02-07"
}

@online{webpage:ieee42010-2011,
  author   = "{Institute of Electrical and Electronics Engineers}",
  title    = "IEEE 42010-2011",
  subtitle = "ISO/IEC/IEEE Systems and software engineering -- 
              Architecture description",
  date     = "2011-12-01",
  url      = "https://commons.wikimedia.org/wiki/File:Tcp-handshake.svg",
  urldate  = "2019-02-08"
}

@online{webpage:jsf,
  author   = "{Oracle}",
  title    = "javaserverfaces-spec",
  url      = "https://javaee.github.io/javaserverfaces-spec/",
  urldate  = "2019-02-08"
}

@online{webpage:repo-se,
  author   = "{rpc0027}",
  title    = "k64f-lwip",
  url      = "https://github.com/rpc0027/k64f-lwip",
  urldate  = "2019-02-09"
}

@online{webpage:repo-aw,
  author   = "{rpc0027}",
  title    = "web-app",
  url      = "https://github.com/rpc0027/web-app",
  urldate  = "2019-02-09"
}

@online{webpage:mcuxpresso-ide,
  author   = "{NXP Semiconductors}",
  title    = "MCUXpresso Integrated Development Environment (IDE)",
  url      = "https://www.nxp.com/support/developer-resources/software-development-tools/mcuxpresso-software-and-tools/mcuxpresso-integrated-development-environment-ide:MCUXpresso-IDE",
  urldate  = "2019-02-09"
}

@online{webpage:mcuxpresso-sdk,
  author   = "{NXP Semiconductors}",
  title    = "MCUXpresso Software Development Kit (SDK)",
  url      = "https://www.nxp.com/support/developer-resources/software-development-tools/mcuxpresso-software-and-tools/mcuxpresso-software-development-kit-sdk:MCUXpresso-SDK",
  urldate  = "2019-02-09"
}

@online{webpage:mcuxpresso-sdk-builder,
  author   = "{NXP Semiconductors}",
  title    = "MCUXpresso SDK Builder",
  url      = "https://mcuxpresso.nxp.com/en/welcome",
  urldate  = "2019-02-09"
}

@online{webpage:javaee,
  author   = "{Oracle}",
  title    = "Java EE 8 SDK Downloads",
  url      = "https://www.oracle.com/technetwork/java/javaee/downloads/index.html",
  urldate  = "2019-02-09"
}

@online{webpage:maven,
  author   = "{The Apache Software Foundation}",
  title    = "Welcome to Apache Maven",
  url      = "https://maven.apache.org/",
  urldate  = "2019-02-09"
}

@online{webpage:glassfish,
  author   = "{Eclipse Foundation}",
  title    = "Eclipse GlassFish",
  url      = "https://projects.eclipse.org/projects/ee4j.glassfish",
  urldate  = "2019-02-09"
}

@online{webpage:eclipse,
  author   = "{Eclipse Foundation}",
  title    = "Eclipse IDE",
  url      = "https://www.eclipse.org/eclipseide/",
  urldate  = "2019-02-09"
}

@online{webpage:glassfish-tools,
  author   = "{Eclipse Foundation}",
  title    = "Eclipse GlassFish Tools",
  url      = "https://projects.eclipse.org/projects/webtools.glassfish-tools",
  urldate  = "2019-02-09"
}
