@book{jimenez2014,
  author    = "Jim√©nez, Manuel and Palomera, Rogelio and Couvertier, Isidoro",
  title     = "Introduction to Embedded Systems",
  subtitle  = "Using Microcontrollers and the MSP430",
  location  = "New York",
  publisher = "Springer",
  date      = "2014",
  isbn      = "978-1-4614-3143-5",
  doi       = "10.1007/978-1-4614-3143-5"
}

@book{marwedel2018,
  author    = "Marwedel, Peter",
  title     = "Embedded System Design",
  subtitle  = "Embedded Systems, Foundations of Cyber-Physical Systems,
               and the Internet of Things",
  edition   = "3",
  location  = "Cham",
  publisher = "Springer",
  date      = "2018",
  isbn      = "978-3-319-56045-8",
  doi       = "10.1007/978-3-319-56045-8"
}

@online{webpage:nxp-refrigerator,
  author   = "{NXP Semiconductors}",
  title    = "Interactive Block Diagram",
  subtitle = "Refrigerator",
  date     = "2016-10-05",
  url      = "https://www.nxp.com/applications/solutions/internet-of-things/smart-things/smart-home/refrigerator:REFRIGERATOR",
  urldate  = "2019-01-25"
}

@book{butterfield2016,
  author    = "Butterfield, Andrew and Ekembe Ngondi, Gerard and Kerr, Anne",
  title     = "A Dictionary of Computer Science",
  edition   = "7",
  location  = "Oxford",
  publisher = "Oxford University Press",
  date      = "2016",
  series    = "Oxford Quick Reference",
  isbn      = "978-0-199-68897-5",
  doi       = "10.1093/acref/9780199688975.001.0001"
}

@online{webpage:amazon-rtos,
  author   = "{Amazon.com, Inc.}",
  title    = "Why RTOS and What is RTOS?",
  url      = "https://www.freertos.org/about-RTOS.html",
  urldate  = "2019-01-25"
}

@techreport{itutx200,
  author       = "{International Telecommunication Union
                  Telecommunication Standardization Sector}",
  shortauthor  = "ITU-T",
  title        = "Information technology - Open Systems Interconnection -
                  Basic Reference Model: The basic model",
  howpublished = "X.200",
  type         = "ITU-T Recommendation",
  year         = "1994",
  month        = "7",
  publisher    = "ITU-T Publications",
  url          = "https://www.itu.int/rec/T-REC-X.200-199407-I/en",
  urldate      = "2019-01-26"
}

@book{kozierok2005,
  author    = "Kozierok, Charles M.",
  title     = "The TCP/IP Guide",
  subtitle  = "A Comprehensive, Illustrated Internet Protocols Reference",
  location  = "San Francisco",
  publisher = "No Starch Press",
  date      = "2005",
  isbn      = "978-1-593-27047-6"
}

@techreport{rfc1122,
  author       = "{Internet Engineering Task Force}",
  shortauthor  = "IETF",
  editor       = "Braden, R.",
  title        = "Requirements for Internet Hosts - Communication Layers",
  howpublished = "RFC 1122",
  type         = "Internet Request for Comments",
  year         = "1989",
  month        = "10",
  publisher    = "RFC Editor",
  doi          = "10.17487/RFC1122",
  url          = "https://rfc-editor.org/rfc/rfc1122.txt",
  urldate      = "2019-01-26"
}

@techreport{rfc1123,
  author       = "{Internet Engineering Task Force}",
  shortauthor  = "IETF",
  editor       = "Braden, R.",
  title        = "Requirements for Internet Hosts - Application and Support",
  howpublished = "RFC 1123",
  type         = "Internet Request for Comments",
  year         = "1989",
  month        = "10",
  publisher    = "RFC Editor",
  doi          = "10.17487/RFC1123",
  url          = "https://rfc-editor.org/rfc/rfc1123.txt",
  urldate      = "2019-01-26"
}

@techreport{rfc1055,
  author       = "Romkey, J.",
  title        = "Nonstandard for transmission of IP datagrams over
                  serial lines: SLIP",
  howpublished = "RFC 1055",
  type         = "Internet Request for Comments",
  year         = "1988",
  month        = "6",
  publisher    = "RFC Editor",
  doi          = "10.17487/RFC1055",
  url          = "https://rfc-editor.org/rfc/rfc1055.txt",
  urldate      = "2019-01-26"
}

@techreport{rfc1661,
  author       = "{Internet Engineering Task Force}",
  shortauthor  = "IETF",
  editor       = "Simpson, W.",
  title        = "The Point-to-Point Protocol (PPP)",
  howpublished = "RFC 1661",
  type         = "Internet Request for Comments",
  year         = "1994",
  month        = "7",
  publisher    = "RFC Editor",
  doi          = "10.17487/RFC1661",
  url          = "https://rfc-editor.org/rfc/rfc1661.txt",
  urldate      = "2019-01-26"
}

@techreport{rfc826,
  author       = "Plummer, David C.",
  title        = "An Ethernet Address Resolution Protocol: Or Converting Network
                  Protocol Addresses to 48.bit Ethernet Address for Transmission
                  on Ethernet Hardware",
  howpublished = "RFC 826",
  type         = "Internet Request for Comments",
  year         = "1982",
  month        = "11",
  publisher    = "RFC Editor",
  doi          = "10.17487/RFC0826",
  url          = "https://rfc-editor.org/rfc/rfc826.txt",
  urldate      = "2019-01-27"
}

@techreport{rfc4861,
  author       = "Narten T. and others",
  title        = "Neighbor Discovery for IP version 6 (IPv6)",
  howpublished = "RFC 4861",
  type         = "Internet Request for Comments",
  year         = "2007",
  month        = "9",
  publisher    = "RFC Editor",
  doi          = "10.17487/RFC4861",
  url          = "https://rfc-editor.org/rfc/rfc4861.txt",
  urldate      = "2019-01-27"
}

@techreport{rfc791,
  author       = "Postel, J.",
  title        = "Internet Protocol",
  howpublished = "RFC 791",
  type         = "Internet Request for Comments",
  year         = "1981",
  month        = "9",
  publisher    = "RFC Editor",
  doi          = "10.17487/RFC0791",
  url          = "https://rfc-editor.org/rfc/rfc791.txt",
  urldate      = "2019-01-27"
}

@techreport{rfc2460,
  author       = "Deering S. and Hinden R.",
  title        = "Internet Protocol, Version 6 (IPv6) Specification",
  howpublished = "RFC 2460",
  type         = "Internet Request for Comments",
  year         = "1998",
  month        = "12",
  publisher    = "RFC Editor",
  doi          = "10.17487/RFC2460",
  url          = "https://rfc-editor.org/rfc/rfc2460.txt",
  urldate      = "2019-01-27"
}

@techreport{rfc792,
  author       = "Postel J.",
  title        = "Internet Control Message Protocol",
  howpublished = "RFC 792",
  type         = "Internet Request for Comments",
  year         = "1981",
  month        = "9",
  publisher    = "RFC Editor",
  doi          = "10.17487/RFC0792",
  url          = "https://rfc-editor.org/rfc/rfc792.txt",
  urldate      = "2019-01-27"
}

@techreport{rfc4443,
  author       = "Conta A. and Deering S.",
  editor       = "Gupta M.",
  title        = "Internet Control Message Protocol (ICMPv6) for the Internet
                  Protocol Version 6 (IPv6) Specification",
  howpublished = "RFC 4443",
  type         = "Internet Request for Comments",
  year         = "2006",
  month        = "3",
  publisher    = "RFC Editor",
  doi          = "10.17487/RFC4443",
  url          = "https://rfc-editor.org/rfc/rfc4443.txt",
  urldate      = "2019-01-27"
}

@techreport{rfc4604,
  author       = "Holbrook, H. and Cain, B. and Haberman, B.",
  title        = "Using Internet Group Management Protocol Version 3 (IGMPv3)
                  and Multicast Listener Discovery Protocol Version 2 (MLDv2)
                  for Source-Specific Multicast",
  howpublished = "RFC 4604",
  type         = "Internet Request for Comments",
  year         = "2006",
  month        = "8",
  publisher    = "RFC Editor",
  doi          = "10.17487/RFC4604",
  url          = "https://rfc-editor.org/rfc/rfc4604.txt",
  urldate      = "2019-01-27"
}

@techreport{rfc793,
  author       = "Postel, J.",
  title        = "Transmission Control Protocol",
  howpublished = "RFC 793",
  type         = "Internet Request for Comments",
  year         = "1981",
  month        = "9",
  publisher    = "RFC Editor",
  doi          = "10.17487/RFC0793",
  url          = "https://rfc-editor.org/rfc/rfc793.txt",
  urldate      = "2019-01-28"
}

@techreport{rfc768,
  author       = "Postel, J.",
  title        = "User Datagram Protocol",
  howpublished = "RFC 768",
  type         = "Internet Request for Comments",
  year         = "1980",
  month        = "8",
  publisher    = "RFC Editor",
  doi          = "10.17487/RFC0768",
  url          = "https://rfc-editor.org/rfc/rfc768.txt",
  urldate      = "2019-01-28"
}

@techreport{rfc2131,
  author       = "Droms, R.",
  title        = "Dynamic Host Configuration Protocol",
  howpublished = "RFC 2131",
  type         = "Internet Request for Comments",
  year         = "1997",
  month        = "3",
  publisher    = "RFC Editor",
  doi          = "10.17487/RFC2131",
  url          = "https://rfc-editor.org/rfc/rfc2131.txt",
  urldate      = "2019-01-28"
}

@techreport{rfc1034,
  author       = "Mockapetris, P.",
  title        = "Domain names - concepts and facilities",
  howpublished = "RFC 1034",
  type         = "Internet Request for Comments",
  year         = "1987",
  month        = "11",
  publisher    = "RFC Editor",
  doi          = "10.17487/RFC1034",
  url          = "https://rfc-editor.org/rfc/rfc1034.txt",
  urldate      = "2019-01-28"
}

@techreport{rfc1035,
  author       = "Mockapetris, P.",
  title        = "Domain names - implementation and specification",
  howpublished = "RFC 1035",
  type         = "Internet Request for Comments",
  year         = "1987",
  month        = "11",
  publisher    = "RFC Editor",
  doi          = "10.17487/RFC1035",
  url          = "https://rfc-editor.org/rfc/rfc1035.txt",
  urldate      = "2019-01-28"
}

@techreport{rfc7230,
  author       = "Fielding, R. and Reschke, J.",
  title        = "Hypertext Transfer Protocol (HTTP/1.1):
                  Message Syntax and Routing",
  howpublished = "RFC 7230",
  type         = "Internet Request for Comments",
  year         = "2014",
  month        = "6",
  issn         = "2070-1721",
  publisher    = "RFC Editor",
  doi          = "10.17487/RFC7230",
  url          = "https://rfc-editor.org/rfc/rfc7230.txt",
  urldate      = "2019-01-29"
}

@techreport{rfc2818,
  author       = "Rescorla, E.",
  title        = "HTTP Over TLS",
  howpublished = "RFC 2818",
  type         = "Internet Request for Comments",
  year         = "2000",
  month        = "5",
  publisher    = "RFC Editor",
  doi          = "10.17487/RFC2818",
  url          = "https://rfc-editor.org/rfc/rfc2818.txt",
  urldate      = "2019-01-29"
}

@techreport{rfc7540,
  author       = "Belshe, M. and Peon, R.",
  editor       = "Thomson, M.",
  title        = "Hypertext Transfer Protocol Version 2 (HTTP/2)",
  howpublished = "RFC 7540",
  type         = "Internet Request for Comments",
  year         = "2015",
  month        = "5",
  issn         = "2070-1721",
  publisher    = "RFC Editor",
  doi          = "10.17487/RFC7540",
  url          = "https://rfc-editor.org/rfc/rfc7540.txt",
  urldate      = "2019-01-29"
}

@techreport{rfc3501,
  author       = "Crispin, M.",
  title        = "INTERNET MESSAGE ACCESS PROTOCOL - VERSION 4rev1",
  howpublished = "RFC 3501",
  type         = "Internet Request for Comments",
  year         = "2003",
  month        = "3",
  publisher    = "RFC Editor",
  doi          = "10.17487/RFC3501",
  url          = "https://rfc-editor.org/rfc/rfc3501.txt",
  urldate      = "2019-01-29"
}

@techreport{rfc1939,
  author       = "Myers, J. and Rose, M.",
  title        = "Post Office Protocol - Version 3",
  howpublished = "RFC 1939",
  type         = "Internet Request for Comments",
  year         = "1996",
  month        = "5",
  publisher    = "RFC Editor",
  doi          = "10.17487/RFC1939",
  url          = "https://rfc-editor.org/rfc/rfc1939.txt",
  urldate      = "2019-01-30"
}

@techreport{rfc5321,
  author       = "Klensin, J.",
  title        = "Simple Mail Transfer Protocol",
  howpublished = "RFC 5321",
  type         = "Internet Request for Comments",
  year         = "2008",
  month        = "10",
  publisher    = "RFC Editor",
  doi          = "10.17487/RFC5321",
  url          = "https://rfc-editor.org/rfc/rfc5321.txt",
  urldate      = "2019-01-30"
}

@techreport{rfc5905,
  author       = "Mills, D. and Burbank J. and Kasch W.",
  editor       = "Martin J.",
  title        = "Network Time Protocol Version 4: Protocol and
                  Algorithms Specification",
  howpublished = "RFC 5905",
  type         = "Internet Request for Comments",
  year         = "2010",
  month        = "6",
  issn         = "2070-1721",
  publisher    = "RFC Editor",
  doi          = "10.17487/RFC5905",
  url          = "https://rfc-editor.org/rfc/rfc5905.txt",
  urldate      = "2019-01-30"
}

@techreport{rfc3261,
  author       = "Rosenberg J. and others",
  title        = "SIP: Session Initiation Protocol",
  howpublished = "RFC 3261",
  type         = "Internet Request for Comments",
  year         = "2002",
  month        = "6",
  publisher    = "RFC Editor",
  doi          = "10.17487/RFC3261",
  url          = "https://rfc-editor.org/rfc/rfc3261.txt",
  urldate      = "2019-01-30"
}

@techreport{rfc4253,
  author       = "Ylonen T.",
  editor       = "Lonvick C.",
  title        = "The Secure Shell (SSH) Transport Layer Protocol",
  howpublished = "RFC 4253",
  type         = "Internet Request for Comments",
  year         = "2006",
  month        = "1",
  publisher    = "RFC Editor",
  doi          = "10.17487/RFC4253",
  url          = "https://rfc-editor.org/rfc/rfc4253.txt",
  urldate      = "2019-01-30"
}

@techreport{banks2015,
  author       = "Banks, Andrew and Guptau, Rahul",
  title        = "MQTT Version 3.1.1 Plus Errata 01",
  howpublished = "MQTT Version 3.1.1 Plus Errata 01",
  type         = "Internet Request for Comments",
  year         = "2015",
  month        = "12",
  publisher    = "OASIS",
  url          = "http://docs.oasis-open.org/mqtt/mqtt/v3.1.1/errata01/os/mqtt-v3.1.1-errata01-os-complete.html",
  urldate      = "2019-01-31"
}

@techreport{rfc7252,
  author       = "Shelby, Z. and Hartke, K. and Bormann, C.",
  title        = "The Constrained Application Protocol (CoAP)",
  howpublished = "RFC 7252",
  type         = "Internet Request for Comments",
  year         = "2014",
  month        = "6",
  issn         = "2070-1721",
  publisher    = "RFC Editor",
  doi          = "10.17487/RFC7252",
  url          = "https://www.rfc-editor.org/rfc/rfc7252.txt",
  urldate      = "2019-01-31"
}

@book{schwaber2017,
  author    = "Schwaber, Ken and Sutherland, Jeff",
  title     = "The Scrum Guide",
  subtitle  = "The Definitive Guide to Scrum: The Rules of the Game",
  date      = "2017",
  url       = "https://www.scrumguides.org/",
  urldate   = "2019-02-02"
}

@online{webpage:k64f,
  author   = "{NXP Semiconductors}",
  title    = "FRDM-K64F: Freedom Development Platform for Kinetis¬Æ
              K64, K63, and K24 MCUs",
  date     = "2016-10-06",
  url      = "https://www.nxp.com/support/developer-resources/evaluation-and-development-boards/freedom-development-boards/mcu-boards/freedom-development-platform-for-kinetis-k64-k63-and-k24-mcus:FRDM-K64F",
  urldate  = "2019-02-02"
}

@online{webpage:basio-io,
  author   = "{C√≥digo 21}",
  title    = "Tarjeta Arduino Basic I/O V2",
  url      = "http://codigo21.educacion.navarra.es/autoaprendizaje/tarjeta-arduino-basic-io-v2/",
  urldate  = "2019-02-02"
}

@online{webpage:placa-pruebas,
  author   = "Wikipedia",
  title    = "Placa de pruebas",
  date     = "2019-01-10",
  url      = "https://es.wikipedia.org/wiki/Placa_de_pruebas",
  urldate  = "2019-02-02"
}

@online{webpage:cable-puente,
  author   = "Wikipedia",
  title    = "Cable puente",
  date     = "2018-01-09",
  url      = "https://es.wikipedia.org/wiki/Cable_puente",
  urldate  = "2019-02-02"
}

@online{webpage:config-tools,
  author   = "{NXP Semiconductors}",
  title    = "MCUXpresso Config Tools - Pins, Clocks, Peripherals",
  date     = "2016-11-10",
  url      = "https://www.nxp.com/support/developer-resources/software-development-tools/mcuxpresso-software-and-tools/mcuxpresso-config-tools-pins-clocks-peripherals:MCUXpresso-Config-Tools",
  urldate  = "2019-02-03"
}

@online{webpage:sdk,
  author   = "{NXP Semiconductors}",
  title    = "MCUXpresso Software Development Kit (SDK)",
  date     = "2016-11-10",
  url      = "https://www.nxp.com/support/developer-resources/software-development-tools/mcuxpresso-software-and-tools/mcuxpresso-software-development-kit-sdk:MCUXpresso-SDK",
  urldate  = "2019-02-03"
}

@online{webpage:uv,
  author   = "{NXP Semiconductors}",
  title    = "Unmanned Vehicles (Ground, Air, Water)",
  date     = "2016-10-05",
  url      = "https://www.nxp.com/applications/solutions/internet-of-things/smart-things/unmanned-aerial-vehicles-uavs/flight-controller-and-sensors/unmanned-vehicles-ground-air-water:UNMANNED-VEHICLES",
  urldate  = "2019-02-04"
}

@online{webpage:telehealth,
  author   = "{NXP Semiconductors}",
  title    = "Telehealth System",
  date     = "2016-10-05",
  url      = "https://www.nxp.com/applications/solutions/internet-of-things/smart-things/healthcare/telehealth-system:TELEHEALTH-SYSTEM",
  urldate  = "2019-02-04"
}

@online{webpage:bed,
  author   = "{NXP Semiconductors}",
  title    = "Powered Patient Beds",
  date     = "2016-10-05",
  url      = "https://www.nxp.com/applications/solutions/internet-of-things/smart-things/healthcare/powered-patient-beds:POWERED-PATIENT-BEDS",
  urldate  = "2019-02-04"
}

@online{webpage:tpv,
  author   = "{NXP Semiconductors}",
  title    = "POS Printer",
  date     = "2016-10-05",
  url      = "https://www.nxp.com/applications/solutions/internet-of-things/secure-things/secure-transactions/pos-printer:POS-PRINTER",
  urldate  = "2019-02-04"
}

@online{webpage:repo-se,
  author   = "{rpc0027}",
  title    = "k64f-lwip",
  url      = "https://github.com/rpc0027/k64f-lwip",
  urldate  = "2019-02-09"
}

@online{webpage:repo-se-doc,
  author   = "{rpc0027}",
  title    = "k64f-lwip",
  url      = "https://github.com/rpc0027/k64f-lwip/tree/master/doc/html",
  urldate  = "2019-02-09"
}

@online{webpage:repo-aw,
  author   = "{rpc0027}",
  title    = "web-app",
  url      = "https://github.com/rpc0027/web-app",
  urldate  = "2019-02-09"
}

@online{webpage:repo-aw-doc,
  author   = "{rpc0027}",
  title    = "web-app",
  url      = "https://github.com/rpc0027/web-app/tree/master/doc",
  urldate  = "2019-02-09"
}

@book{apellidosYYYY,
  author    = "",
  title     = "",
  subtitle  = "",
  edition   = "",
  location  = "",
  publisher = "",
  date      = "",
  isbn      = "",
  doi       = ""
}

@online{webpage:title,
  author   = "",
  title    = "",
  subtitle = "",
  date     = "yyyy-mm-dd",
  url      = "",
  urldate  = "yyyy-mm-dd"
}

@techreport{rfcXXXX,
  author       = "",
  title        = "",
  howpublished = "",
  type         = "Internet Request for Comments",
  year         = "",
  month        = "",
  issn         = "",
  publisher    = "RFC Editor",
  doi          = "",
  url          = "",
  urldate      = ""
}
